<?xml version="1.0" encoding="UTF-8" ?><marc:collection xmlns:marc="http://www.loc.gov/MARC21/slim" xmlns:xsi="http://www.w3.org/2001/XMLSchema-instance" xsi:schemaLocation="http://www.loc.gov/MARC21/slim http://www.loc.gov/standards/marcxml/schema/MARC21slim.xsd">
<marc:record><marc:leader>01713cam a2200397Ii 4500</marc:leader>
<marc:controlfield tag="001">b12741796</marc:controlfield>
<marc:controlfield tag="003">UaCaAUL</marc:controlfield><marc:controlfield tag="005">20171026034355.0</marc:controlfield><marc:controlfield tag="008">820322s1930    ua f          000 0 ara  </marc:controlfield><marc:datafield tag="010" ind1=" " ind2=" "><marc:subfield code="a">81960128</marc:subfield></marc:datafield><marc:datafield tag="035" ind1=" " ind2=" "><marc:subfield code="a">(OCoLC)17044163</marc:subfield></marc:datafield><marc:datafield tag="040" ind1=" " ind2=" "><marc:subfield code="a">DLC</marc:subfield><marc:subfield code="b">eng</marc:subfield><marc:subfield code="e">rda</marc:subfield><marc:subfield code="c">DLC</marc:subfield><marc:subfield code="d">OCLCG</marc:subfield><marc:subfield code="d">YUS</marc:subfield><marc:subfield code="d">OCLCQ</marc:subfield><marc:subfield code="d">OCLCO</marc:subfield><marc:subfield code="d">OCLCA</marc:subfield><marc:subfield code="d">OCLCQ</marc:subfield><marc:subfield code="d">OCLCF</marc:subfield><marc:subfield code="d">OCL</marc:subfield><marc:subfield code="d">MEAUC</marc:subfield></marc:datafield><marc:datafield tag="043" ind1=" " ind2=" "><marc:subfield code="a">f-ua---</marc:subfield></marc:datafield><marc:datafield tag="049" ind1=" " ind2=" "><marc:subfield code="a">MAIN</marc:subfield></marc:datafield><marc:datafield tag="050" ind1="0" ind2="0"><marc:subfield code="a">DT107.4</marc:subfield><marc:subfield code="b">.A28 1930</marc:subfield></marc:datafield><marc:datafield tag="066" ind1=" " ind2=" "><marc:subfield code="c">(3</marc:subfield></marc:datafield><marc:datafield tag="090" ind1=" " ind2=" "><marc:subfield code="a">DT107.4</marc:subfield><marc:subfield code="b">.A28 1930</marc:subfield></marc:datafield><marc:datafield tag="100" ind1="1" ind2=" "><marc:subfield code="6">880-01</marc:subfield><marc:subfield code="a">Abū al-Saʻūd, Fakhrī,</marc:subfield><marc:subfield code="d">1910-1940.</marc:subfield></marc:datafield><marc:datafield tag="245" ind1="1" ind2="3"><marc:subfield code="6">880-02</marc:subfield><marc:subfield code="a">al-Thawrah al-ʻUrābīyah :</marc:subfield><marc:subfield code="b">khulāṣat tārīkhahā wa-makānahā min al-nahḍah al-qawmīyah al-Miṣrīyah /</marc:subfield><marc:subfield code="c">Fakhrī Abū al-Saʻūd..</marc:subfield></marc:datafield><marc:datafield tag="264" ind1=" " ind2="1"><marc:subfield code="6">880-03</marc:subfield><marc:subfield code="a">[Cairo] :</marc:subfield><marc:subfield code="b">Maṭbaʻt al-Futūḥ,</marc:subfield><marc:subfield code="c">1930.</marc:subfield></marc:datafield><marc:datafield tag="300" ind1=" " ind2=" "><marc:subfield code="a">96 pages, 3 unnumbered leaves of plates ;</marc:subfield><marc:subfield code="c">19 cm.</marc:subfield></marc:datafield><marc:datafield tag="336" ind1=" " ind2=" "><marc:subfield code="a">text</marc:subfield><marc:subfield code="b">txt</marc:subfield><marc:subfield code="2">rdacontent.</marc:subfield></marc:datafield><marc:datafield tag="337" ind1=" " ind2=" "><marc:subfield code="a">unmediated</marc:subfield><marc:subfield code="b">n</marc:subfield><marc:subfield code="2">rdamedia.</marc:subfield></marc:datafield><marc:datafield tag="338" ind1=" " ind2=" "><marc:subfield code="a">volume</marc:subfield><marc:subfield code="b">nc</marc:subfield><marc:subfield code="2">rdacarrier.</marc:subfield></marc:datafield><marc:datafield tag="500" ind1=" " ind2=" "><marc:subfield code="a">Title page stamped: Maktabat al-Anjilū al-Miṣrīyah.</marc:subfield></marc:datafield><marc:datafield tag="500" ind1=" " ind2=" "><marc:subfield code="a">Includes Errata page.</marc:subfield></marc:datafield><marc:datafield tag="600" ind1="1" ind2="0"><marc:subfield code="6">880-04</marc:subfield><marc:subfield code="a">ʻUrābī, Aḥmad,</marc:subfield><marc:subfield code="d">1840 or 1841-1911.</marc:subfield></marc:datafield><marc:datafield tag="651" ind1=" " ind2="0"><marc:subfield code="a">Egypt</marc:subfield><marc:subfield code="x">History</marc:subfield><marc:subfield code="y">Tawfīq, 1879-1892.</marc:subfield></marc:datafield><marc:datafield tag="880" ind1="1" ind2=" "><marc:subfield code="6">100-01/(3/r</marc:subfield><marc:subfield code="a">أبو السعود، فخري،‪</marc:subfield><marc:subfield code="d">1910-1940.</marc:subfield></marc:datafield><marc:datafield tag="880" ind1=" " ind2="1"><marc:subfield code="6">264-03/(3/r</marc:subfield><marc:subfield code="a">[Cairo] :</marc:subfield><marc:subfield code="b">مطبعت الفتوح،‪</marc:subfield><marc:subfield code="c">1930.</marc:subfield></marc:datafield><marc:datafield tag="880" ind1="1" ind2="3"><marc:subfield code="6">245-02/(3/r</marc:subfield><marc:subfield code="a">الثورة العرابية :‪</marc:subfield><marc:subfield code="b">خلاصة تاريخها ومكانها من النهضة القومية المصرية /‪</marc:subfield><marc:subfield code="c">فخري أبو السعود..</marc:subfield></marc:datafield><marc:datafield tag="880" ind1="1" ind2="0"><marc:subfield code="6">600-04/(3/r</marc:subfield><marc:subfield code="a">عرابي، أحمد،‪</marc:subfield><marc:subfield code="d">1840 أو 1841-1911.</marc:subfield></marc:datafield><marc:datafield tag="907" ind1=" " ind2=" "><marc:subfield code="a">.b12741796</marc:subfield><marc:subfield code="b">main </marc:subfield></marc:datafield><marc:datafield tag="902" ind1=" " ind2=" "><marc:subfield code="a">171029</marc:subfield></marc:datafield><marc:datafield tag="998" ind1=" " ind2=" "><marc:subfield code="b">1</marc:subfield><marc:subfield code="c">011209</marc:subfield><marc:subfield code="d">m</marc:subfield><marc:subfield code="e">a</marc:subfield><marc:subfield code="f">-</marc:subfield><marc:subfield code="g">3</marc:subfield><marc:subfield code="k">MER</marc:subfield></marc:datafield><marc:datafield tag="945" ind1=" " ind2=" "><marc:subfield code="l">main </marc:subfield></marc:datafield></marc:record>
</marc:collection>
